<record><leader>00000cas a22000007a 4500</leader><controlfield tag="001">12996052</controlfield><controlfield tag="008">860109d19671970njuwr ne      0    0eng d</controlfield><datafield ind1=" " ind2=" " tag="010"><subfield code="a">sn 86077005 </subfield></datafield><datafield ind1=" " ind2=" " tag="040"><subfield code="a">NPA</subfield><subfield code="b">eng</subfield><subfield code="c">NPA</subfield><subfield code="d">NJW</subfield><subfield code="d">OCLCQ</subfield></datafield><datafield ind1=" " ind2=" " tag="042"><subfield code="a">msc</subfield></datafield><datafield ind1="0" ind2=" " tag="130"><subfield code="a">New Brunswick spokesman (1967)</subfield></datafield><datafield ind1="1" ind2="0" tag="245"><subfield code="a">New Brunswick spokesman.</subfield></datafield><datafield ind1=" " ind2=" " tag="260"><subfield code="a">New Brunswick, N.J. :</subfield><subfield code="b">Spokesman Pub. Co.,</subfield><subfield code="c">1967-1970.</subfield></datafield><datafield ind1=" " ind2=" " tag="300"><subfield code="a">v. :</subfield><subfield code="b">ill.</subfield></datafield><datafield ind1=" " ind2=" " tag="310"><subfield code="a">Weekly</subfield></datafield><datafield ind1="0" ind2=" " tag="362"><subfield code="a">Vol. 43, no. 42 (July 21, 1967)-v. 47, no. 2 (Oct. 9, 1970).</subfield></datafield><datafield ind1=" " ind2=" " tag="500"><subfield code="a">Publishers: New Brunswick Pub. Co., July 27, 1967-&lt;Apr. 26, 1968&gt;; Frank J. Keenan, &lt;May 31, 1968&gt;-Oct. 2, 1970; Keenan Co., Oct. 9, 1970.</subfield></datafield><datafield ind1=" " ind2=" " tag="752"><subfield code="a">United States</subfield><subfield code="b">New Jersey</subfield><subfield code="c">Middlesex</subfield><subfield code="d">New Brunswick.</subfield></datafield><datafield ind1="0" ind2="0" tag="780"><subfield code="t">Spokesman New Brunswick (1947)</subfield><subfield code="w">(DLC)sn 86077003</subfield><subfield code="w">(OCoLC)12996042</subfield></datafield><datafield ind1="0" ind2="0" tag="785"><subfield code="t">Spokesman New Brunswick (1970)</subfield><subfield code="w">(DLC)sn 86077006</subfield><subfield code="w">(OCoLC)12996055</subfield></datafield></record>